01195171F8718EA8071B3ED6E0957513A89:2
01F04700B6ABBFE4508509F416E168A3CB3:9
02D34E0BB14D7CEB18937036B44EA52AE41:2
02EAD99CD9AF485FE46E126E114D334CE0C:1
031B8EAEC4CF0B09E678840ECE819B33D99:2
035E37E37F0D156F792D609E2D7A9D7C9E5:248
03829F25AF09A629D0CB36E6CF4664E8152:1
04AB9CE2218C1C7D556B1CB307CF382BB27:2
04BF8CBC83D1A5E128ADFB8A74CEA8882E8:3
052400E002DEF531B003080A198DC1948FD:3
06459BF900DE46D20C90CEF44EC8DAE7773:2
07206D7D815A6D7B111F25F6FD854D067CE:2
078720AD31866F2900D378A7576459B91BF:51
07AC169FD87032F81795183FC29E6E0AF56:5
08003490A683ABC44B66591BC6D79EA61AA:3
080A02FD36FCE221BD13B8C7C39EDC35730:2
0878EE476F568F8BB68ECC249458E9CC0CA:2
08A826AEDA7025F22E34329EF88ED5A50FF:4
098D7EE8A0285D55259016B696AE2FCA282:1
0A81D2BBE5475DD625DF70151D2BCB2642B:11
0AEA76812BF38AE3DAB7BBAC3B107136345:2
0BFBB1BBE40553168A95D72EBF0E05B064A:2
0C49A50C589DD21DAC0BED57378A65D44E2:3
0DC74E7711E586D4AB2A577BA4700B40813:2
0E6CF15767AE5DD7AC355815E1417E320E8:2
0EFC255CF20F4E936ECD3D2CA50B03D4AE2:2
0F11798AC92F354063666CB0048B0DB646B:2
0FC28497BCAB02F50C3EF71A4A4AD7F5041:2
0FCE234A7AE4DF528B521CB9F3360E3F16B:2
10566A8F991B2F58C471CBCE2E8E5B55139:1
109361C558E8B5BD90F021076EEAE802F4B:1
10D147AF6EE9BCB2262A24A301272258680:2
11157719D5B8A6DED5760437C9BE7FEE1F5:3
11406B1FFDB14D2EA63D3FD8ED3DB394FFC:1
1207D6CC8A94CCFD2CDBA90707CAAB2302B:3
1249FD92A48E18A3D531A17FB2A21F3968C:2
12AABA4121D19BFA215F9E9FF5C292410EF:1
12C1319A22D9A20101A65CED8DAEC385CFB:2
15B5238FD5BA8A40606DF8CEDA7FE550EA0:14
161F593696635E2FC75D5017E4836EB6845:1
17659C084AF29D15F40BF97B88F373D2E77:2
17BA4F9444ABAA0142B36102A7C4DECFB71:1
185DE9F501EF11ED2D00019286ECDDCEE71:1
189D660966A39B7A40C0943C373C9601BCC:1
194B2F61D1BB9B41E2FF7CABC5F1A4CDF95:1
196226846C20D904F58E1A3F3E8C447A366:3
19BFB1F5F9582A5C064EEE92D9375A76E88:2
19F945888E686384268AD9B27643A43964B:1
1A074BABF13FF64F5B422EBF6EB71A87E27:2
1A22B9BBA87680AC8B1314DD4E5D6D02DB3:2
1AAFD2D52762315F822A1135B74954FE65F:4
1AB5C63CF9EEA2355FA75783A24426001B5:1
1AEA86D6AB2F6220F17B9AA2DBE7C7E64A2:1
1AEFEA6A0E73E5F2C6E170A6493EC7B7A0F:2
1B21031523180B5EEE72903B211BB56F7B9:2
1BAC3CC59A8504C1979AF244E1512A5F811:3
1BCAE41986B1A8A41385CB70594A83F4FE2:1
1BDF4FAF258FC6EA177A25AF16862976BCB:1
1C63ED37EB3A9C6AC9D86635F0024CA568B:6
1CAF5F9846DC68962193E332B11E810FFBF:2
1D0766A26F975DFD2F64D1CB6D625256A9A:1
1D63891F412A6DCFBFBCEC44990DBF64B55:16
1DCE23947B1741FF98C673F29D38A386053:2
1E8741C1980D5B727131F0DE9BFEC38C93D:1
1EC0618D3ABC24183D4A83EA8AF370F2492:6
1EFA0D530EA46BC4570F7A06BBAC42C4BFD:2
1F0B30E970C0F0A6CC67E95952383122FF2:1
1F511DEAA4D7065D95A84F992A8AE54C7A0:7
1FC05CA05D2DDEE2CB89B65889EEA7C634D:1
20A405C3C700F237032C5E616EC15C441F0:6
20D4BCDE3F17FE7FC14C864C3BAEDAD6E2B:2
21EFD931E5E45C81E54506B28B7AE077558:2
223A9150A73E7C6A02B0C8D0BD23832D03C:1
22BB31CF803E274A951D26633D65B6C52E2:5
24194C295E342C02A8662CF63682737FFC3:3
243F7B643BA0F185BD864300ACF6FB1CCB0:2
24B59D8C2A17CC84CFD96BE6A9FCC6D3090:6
25276809E1D32A9615D31EE068BD1486997:4
2588DA48AA2D5DA9AB44CFF3386191B36E1:7
258AFE4AC45C7EBA7852BFEA64E9C20EFEA:1
26B1056AAD9D63D4CC8F7ED4984B68373FA:2
26E19982A0B5D09D1DA9335D6AE2634B4DD:2
26FA07B199584D946316653F505D0CA921A:3
2706136322C80541B8BE890A418D59D9664:1
27F8921B0A8B79A99FD019DD22480F948D3:1
2813320ED3A7CF74B2DCD222C4D62E7518A:1
2868CE3DBB83FA9E13500D94F9FF8C3D4CA:11
287423242AB06AB029C3837D21133D54FE6:5
28E1524BDDCB45FACDDF92082D55294AD43:1
28FAE8BE9DC17DB82394880FCE405F046ED:1
2938D318F97E4734F965AA7CDDC03BAA746:1
2A25A881A7E4EE08BF76F98ED03365B5AD0:1
2A7CEE7606BB7DCB63C400BC17C8AC3DBC4:2
2AEAC58E1CA3AE9580026CEF06E39EC6A95:2
2AF7204B7F65706BEA7851F39D5FF9B3046:3
2B0D98E112C77BAC494B9D98654674959A3:3
2B2FFB0074A4D8B57DDF773ECA9C0D64A8E:1
2BB8F73DA69C10B8BBCA14A37D87055BFB3:1
2C51402795854B5C9E8E6585ED491866BF9:3
2D19660E9E48D9D52745424E5F6C21EA497:1
2D2928C823A3B23D4BE072EAEF325A426D9:3
2D883B82DDE7821B09217F01E38EFC1108C:3
2DACC4E49FFA612CB7FA77145B3F47BED9D:5
2E3052501D88BABB7C22388A2833EF7834A:4
2F11994944535AE26CDDEC1A2D2A0129A63:2
2F45F94FEEB72197B42D1E617D0A78F8D93:3
2FCE9E0D4900C5BE9A37E8543C389D05022:1
301F00E5F1A9D725735C4A50CA50E0B70C7:4
30865CB2CC52691F1A28D1BB8FD15E44C53:1
30A19B5BFC17F7CD1F13BA88AE8A3D79463:4
30D39350EDCC6E988BCF9212E3B5307788C:4
30D5F0D600909E677483FDEF98082158998:3
321AD091F01731FCEB1BAA591BE1C2B987C:1
33027996E1065229D9EB4FDD7355166988B:1
33AA7A60DCB4C89509F42822CB3B49FAA03:1
33F437AD0F86A35F25E77AE018624530B53:4
3415D9BCF01DB15D21DEF7684367E1B999B:2
3562428B9493064D8BA15988D056BBEAABF:1
358323891EC1441BE7D972315DFB2E41E0F:2
361358B992859D6B4E85D900D87AF330BE8:2
36A5F012E0F95F54C7C869355738364CF0A:1
36D45BC80F0AEBD6417938C1E733C83FCB0:1
380C54AB85E530869B7E3145B493B46B311:1
38618E436204B5575A058CF7AEB2C7069C9:1
3876463CF00AADB6FCCF90ED9F192022049:5
38842AB059972BFBEB648D6F4B1E26DEA2D:40
38A9117CAB7F3255728583BEF43824AEA3F:2
3930E9D7F8E4665C0600F454B8F555DD7AA:2
3A01D6C5660A9C435E034F3151462573781:2
3A1232F6DF2D396AB3CBA09104A7CBCD7A7:4
3A8222C751F471A38B3417C26E06509A948:2
3B6ECCE46332176E985D1B8F8BEACCD77BA:2
3BD87934BA82D8D2F11C45DA194B43CA38B:3
3C516B57249E9B9603878A29A31092A1E6E:5
3C5A072FA4C6F6B35F05B4FED6F0512F98A:1
3C85746EC1917E459D9E4A6FE0FF5E62447:1
3CF97EB7DF62B693DFC16F6EAD0EE5E3728:1
3D5D9116E7869FC13763DAEE0AACB774AB3:2
3DEB1CA6DD7CF730CD3B0B20581962412FE:1
3E3C0B166119C8C50EE71EC5EA51DBCDE11:4
3EEEC048C5C11140B329CEC0DD3BC325DD8:2
3F44E77584C12420EB5D5A24E626E7737A8:5
4165DE9A6E80686AB65535A9FD7BCE67BE1:1
4172C9A49A7E02F68BAED058855FD517AFD:1
4221A7136D4C379571739BCD37285EEB78C:4
424A775D627F8F7383793545646F3812869:4
429118B3402FA552DF9737A9CAF5C499F26:2
4292EABFAEA74811FB1DD43F8D9BF4CF5A5:4
430601E137AD3FEED866AA6DDA6E490375B:2
435FA6FD681BEF6D722ED025ECD0911ABF4:2
436A31A5329902FC87C9601DFBBFF7F9F7B:1
43F0818F5A1883B853F5A2E72B8FDD52028:2
440FD993BD2293609A523E40F62ECF69C37:4
448BAF4BCAAAC0719106ED1F905F5B91510:2
44FC9F8C03B65C7F076522BF5D99E12D333:4
4515E07AE39C22307EC1085B15FD43A3948:4
451B0863FC07A7732F429391BBD1934CD03:4
456C3E99542E259397F391AC1512E087BBA:4
45F5758D090E6EBD35C85D5DA483AEC36A0:3
46BFE2137142DCEB243D35BF718F935325F:4
4759D9ED5243E6ED180D10DFAE3D960F02D:1
475B72459E6AAA1B44269BD127266DC37F0:2
4769E88F3BF4721A5346D1558D94A0F94FE:9
478B647127277A18AC3200434468BDFBFE0:1
47EDD8698776AD5A5195BE544CABA724EC0:1
4840DD74162C0B7134E242C705F7C367159:8
4851A1B8A731C21B40948F262374B94F77C:1
49832AD65020165F88705AEBE8D3D978458:1
49E5CFCAF7A17B692CD3DA1A8388DF9B019:1
4ADB0186DED1D74F61A0C8B3B8E39227017:1
4B5FA5F9144AF2900315EA4DF47E83A3596:1
4BA2957F32C1A55B4CBB3F75D49A9C13FE3:2
4BBCBE02071622884C56BF1BE58A9657AE6:1
4BECF889C719DA1B02B45D624EC3318E4B8:10
4C47B6A5965D4A5DBACA5485EFC4C552152:1
4C6A440BD6AAD086D8B5C234D7AD64FCDEE:2
4C923C672FAF4B0BC73EABA38DF692CB464:2
4E6DA7A29EC15CDD6822AF3EEC5504846B0:1
4F87135179F33CBFE201F50018AE325B111:3
4FA08F2E9486E84BC999E5E9E090CFFFFAD:4
4FFDBC331FEA4DD40B5B1EE7BA5D6DC2DF1:2
5089B67D7B8DE8AC62B54C50BC449B92E93:2
50E656EF717C697476D72797F1FDB82C8CC:3
513B572C04BC406436796F8D35713E890F3:1
51DA2557D50FFFE5F99B8D16FD3B9CDEE71:1
538A76A84949F287B7C5F36AD4EEF1C810D:5
53E5C2DD7043192C4E73B7FBE16FF752DD4:2
54C1CC6BBAF35F5BC924583F6EE46E80BAC:1
5541521C0C800AA03436C92B944A92A5D8D:1
555853600C4EEDC917CF2C3460698B8F75B:2
562F32AB8C255762BFC6FA0E094EBB58469:2
56376206791B946E466B8BCF486E9229B53:2
577F313C35F20F07592794506EB5C40E837:1
5866908EADD8F72D2CA721593E366218A85:2
58818703E5216892625A1F8B4A6C0FF1B83:1
589F12A9468DF3D497DEC8C378D1402D01A:1
5980AD1B756414F09BE6A9E6956F4447353:2
59E3C30CB939954202ABEC9C990C2F18762:1
59F10303354CAFD17E53DCAD9AD284A4517:6
5AE81F7EACB1F8A7D4369A29A963E9BEF32:1
5B7394AF6CBEA1297CD7135C6C0A223DAB3:22
5BB9A65C083D6ED7C42AF36CA3368809573:2
5BE0A59B5304A3AA6E430721B1A4F9DAF27:1
5C1ADEBC8A31DD50000A80E4D72866EE427:12
5C6C584ED5B877280C0A140D77648EF213E:1
5C88611A1A556C87764C7E026A726570973:2
5C982139FD6AF6B8A19DCAF20AD0A6466D9:1
5CFEF40E0CF248567FDC01B4ACB9F24B423:2
5CFF62E00D241BD01D3D4A6B6F2C5818A0C:3
5DEACBB2610B6933A8FC992C4466D8765A8:3
5F156AE58275B84158284C85871A8411C21:1
5F8434AAA1D7B5BA64867767A9296162C91:2
5FD760A912B47F6B8187F0A4CD3B1DCED9B:1
603010C6F5E3418A0B13796FF96356C3260:2
606A2A9DA300F58ADC54AC99F425772363A:1
60A157FA563FDBDC9AEC600B1A48C71604D:1
60C40D9D082DAF3DCDB09869FCA6460518D:1
610488B2081EF3665BB5B8E21B0C0412F68:1
616301D82C0CC6A316276A0C6418AD9E3C7:2
622834AE90C02C5CE703CC38B5C833012E8:2
624462A2888B034269316A5F0025B78C08B:1
62919055B1900B3590A60BE4A2B8F1F2C8F:1
62B07D25337C0261557BC133E981974DC43:1
6371C9DAC5CEADF6416E63599FE18EDC761:1
638DDDC517BB1E3321D1E03623E01E061D8:1
64AAC39B42BF12B7BC460979348EC796C7F:8
655FCA44F4810DA73034F6838EB76D3DE65:3
657D1118489D8D286586D1CCD39D9D34B5E:6
6612F6878925BE3DF326E35253C41BB1DF4:4
665ABEA2B7D6BD0ED154CB5E078AB14BA76:1
6875B66825BEC810B1DD78EAE0A64571515:1
6910F1B479F39048BB6FADF911614ECA67F:1
69C3B403382726D85943DC818759EB6D177:3
69FFC65A5BA008FB5A055B076270DB68B18:1
6A7C6AA1DB2C7FE1FE850F70B529EFF75D8:17
6AA9C67806191E9AACD526EB2E9612047BC:10
6ADAE599B24244C6A09ED057CC3C991A07E:54
6BEB623052DE0623C73D62D4EC8AD37FF8A:1
6CB676B05E0E613999CE9A1ABCCA03F9503:1
6D49224E3E73CCD4E43E950CD4DBB5CC21B:2
6E8AC29C920E549125E1C9646C9D77E8730:1
6EE709BB89EA8182F01E1C2DC3FBD193C9B:2
6F09A2C517D83874D2827423230FB88B9C2:1
6F1D15E26D5E8A90076335EDA17A0591CBD:4
7294F37DDE395B2C7A35E431007870A410A:1
7344892DE3CFE3DA1FBC0591CFF765443EE:6
73BA7895E0F3C296FB07A46190DD00FBB02:3
74D96BAC7B264FA97C9F52D885A4FB3B7B5:4
7504373131B942B72803A99C684CC72052F:3
7534505560F42897751FCE34E2084AB2029:3
75DADA2ED43CB29C67DA8711F0FC09A335E:1
772D1D98F9815788FE4592E185B3792E59D:16
77BE58C843A4019EFD5881071CFAC69DDFC:3
783D356C4663655718575F21633CE40C0DA:2
785198CD8E88865C79DE18D03360CA3B45E:1
7885AA3C3489C171134456DD2D04A888485:2
792B4A4C0630CF1DB17A36C2A27AA1A3675:1
7940A21F58E73E86FF38F7FAB57FC2C7F98:1
795213AAF904D6832BB0F1414B4BBE6F7D3:1
7989331AA0E913E55ADBDAB22A04648F078:1
7A0338E6325D6E1CEEA48A16CBA2C1F6E9F:6
7B1D4FC4F74236AEE96F5416B4C870776CB:1
7C1D46D513310DB107B151A070059DAB101:2
7C8C0A131BBEAC45B06219E7DD4D9193AEC:3
7C90449BE077CF4E308D94A78B4C2273E73:26
7CF271FF756340B5B08B2EFB42E101C9CCC:1
7D443B8124C877FA9204BD123DCDC2AECFD:2
7D5B9ADBBD7FA1F1F3C147DE03D4D09C470:2
7DE02B1A7967AFAF82AD59CCE4F34CCD3D1:49
7E0662E09C2C86892065EAFA5FFFE29A70A:3
7E8C05F489995B89D7ECD8448AE0A86BF72:1
7E99917955A6D89AD5FACED497E9E94FF76:8
7E9B5148C3134EAB6F1C831AC8F9D599F22:1
7EB414AA0DDE983E5519DFFA9675EAD3AF5:1
7FA484134663365C7C9CB1407C386D0C4B7:2
7FAF4ACB92464F1B1DD2104E0741F254304:5
7FE061EB8D9D24D745F979BE0DA07F9D603:5
818ADC0561E494D08076B4FB8941ECF34CC:3
81ADE693A3A1D1513A294CFD317C6FD859A:5
81E265F4CA5C711050D6F6194382FF25164:2
820919140D888E618E9C4E47A12D50F74DC:3
822B8421E84A72DCE1C8E263909C1A2AB47:6
8319F1A229D3DCBBE7A3BF6FF1AD3A6D0C0:1
83672BDAEE927483B7B0B56D6BF8DF02E3C:1
83D0CCD52B58C73C06C59AE3F4D3D27FD11:3
8463AAC3EDC276E4460ADE7C56FE18D30F2:3
85410AE83A5E9A0A1B6282A396EE59D2072:2
85657749A2BFE548103F618BD3007A1EDB0:1
862DA4CA303603B4484A4B00C12C0C3816A:1
8770062B672D463471DD2362C92B6ADD3CE:1
87FE4644E70737E5DD4BC70FB6385A76104:7
8817DE25B40826BA9C2AD2124A258A04B4D:1
8A4939D2447DC016E3E11FFD6FCF98ACE94:25
8C2AC4FA145AD896D2FA9789C8E9743D462:1
8CACBCD092536E56B8D8C3564314042BF38:1
8D7016D97F08559ABEB8B5055A48C877123:3
8DD16E39D2D952D27A1B079736076A2A7BA:1
8E0F651DAFA396E1A24EBB10AF1F6B2F93D:3
8E2E2D358A62548B121C466FDEFBF0406C1:1
8EF10FC9CE717B5C51A39D5B5D67EE52679:2
8FA0DE8F2E37B40D802C7B4D7F552259DF7:3
900B409040F77D585310DC5A471223D2778:3
9064BF488912D18B7953CE783D638A3BE92:12
90A129A55219994BE8B601EBDF9EE122750:2
911064CB778F4B24C81F76E8C4C65242446:1
91809942403342BEE0255EAE7B9D2AB631B:2
91E6D9A40DC5DCDB521886594621D2C09E6:2
9235D90EF824C32DD205F8A8692D7228A12:1
92429374777D837AD1662A465ACD2C0B0E4:6
928382355929056C16C513CD297CA56A539:1
92D55419F490117F78C26EC5C501A661A8E:25
93001F18244848188702743E6478A0265BC:3
94211F33CFD29C7789EA762005133E3BF2D:11
9433035BE2010209FE3152F35D99912A280:14
94A56F57375E3945EE9CBA6F046D85E5B9C:1
94EBF79396CCCECF046732D15732DDA1F5A:2
94EFA3A3431CC0A4757B8020477F2F2C2ED:1
951F126054B5FD80B3EAABD0E9E61D424CD:1
95A27B775E3FA053A8A6734909A0E3FC801:3
95A647A6AD8CA2DF840ABB4A3B8BA98079F:1
966ECB0C07E941A4D4B2744FBE4BE017A44:4
9687DB577E5BE9DE29CAEECB30F779C4541:1
968C3000EC3B254C1481E23728AE89DD2F8:1
96BBE71B08A43DCD6FC0FDDEA7D92301172:2
97500DEE215B0EBBDF00051FB32EFFDDA11:1
97646E0E9D638E960F70FFBBFE98C38F1EE:1
981084AEED6C7EAF4107045076BD800B918:1
9812B70620380F677743905F9B06078D7ED:1
9888A76827ACE5FCF813106C465DE5DF864:1
98E34B1CDEC276D268D529D083BC43CBF3C:2
99DE310721FF373FD8A8BEE806643CEDAC1:1
9ABF55D089216BEAFAD83A8F1976F106EAB:1
9ADC33A2ADB660DC1F262FC371F39DDCF66:2
9B2DE2AAD0821F2BA7C3257F4B706F2626C:1
9B57B55959AB8964D55DCDB7B4855EFADE5:4
9BCA712E7A66BBE40EBC0F5F65B8BB5604C:5
9BE47363896D6B126D0F6FF5EF1FA3ECEAD:2
9C21903A0A8DA97900EDA5D2F8609DF44C9:1
9D0FB8B3988E56D58CD5ACA2F0C27B8857E:1
9D2741ED9438468970F886212E169AD0669:3
9DF2DE09B5B4FDE5FA26F4D599819E4CDC3:1
9E40F0730C1364807732977E802448A88F1:1
9E7EE1C6591B1BCC0E0C3C8AB7F6D5C4692:1
9E7FD6751A789F4D720CAEA8F605C76EB39:3
9E83A6F66801FDC7F174EDFAC95D9654F77:2
9F9D9AD1F25A8A74C44027476333B683873:3
9FA993CCF9934AFCD03C76FA6ED1F08065D:9
A0F1C86E1F4256A380D71553ADE4605ADA7:1
A121DDDEF258F259B3E1DD48B5FC1567937:2
A17A964B4E804D25CD6508F726643EA4B08:1
A1B94AAFC8C6CCA5E457A03FCC7323A1948:2
A1DD6E01B4CA299958D0410836AE7D5CCA3:4
A26426ABE34D8D9D4D4B43817802F12989F:1
A277886559298C9831B06B282D33CA72DE1:2
A2C8FEED5CE7CF272978C4B8D1CC3C0905E:47
A2F0E2C2270B1F161E46C7572151CCB4629:1
A30442B9067A40BECDD58466228A22E1CCF:3
A3305EF653E6302355CDBFDC6EB96712858:2
A34CB6CD7D01DE8E14807EB850904389E00:3
A35CB17571D5BC1100EA7C5C7C567C5E53A:2
A389A33678C760972A2948C731C4AB2F05C:5
A3AEDEB214BBD19089D84459F5B274B0D9D:61
A3CB9F7BCE8FF196A533741E74ED2FCD872:3
A40DFBFCF1399B26A576DE5426016CA8E65:4
A4216FEE4D87DD7D6C2C2DE905EEFD03F6F:5
A4B670B462655E020577BC575D91E6AFE2A:2
A4C7704C72C76FE97CE1C2E1F18F9F33BA7:3
A55BA3471834F49B8FCA16DE7909ACCE739:3
A55C2EA9F96C394B960536327D3D3D39F7C:68
A573612C9D9053D0DD73AD61EBA2DB0BCFC:1
A6FA857523B1A7FE1BDA98616270BF466B2:123
A753B6489B7F67FA76D00D58AFC7A0DF88A:4
A7556E6EC2A3629EB40B6BB4BEFD37EBCC6:1
A769241DB026B1187CA49C6FCBB7F22CA3D:2
A7C4C978BD919E2E17F47E8EB900689ADDF:1
A8513B07525A5286DBAC00A147F28E41A9A:11
A92D41BFB5650E7CAB5B6AE230908E7E9B2:2
A9B3608552E77DDEB4B69D0E8B243A456E6:1
AA4E55F5EBC80AF68A201542EAC6E6F5F00:2
AA5663D6FC5E2B04C4AA32AA35FCD62F118:2
AB14A1EF29C2D43C04BD4EC8F0D959C7CDC:2
AB698AD24E540BB01D99535EF2AAF8909C1:1
AB8D6C9EE584468E5399EA1ED54B639056F:1
ABDD6639C936B682E39C1CE8B76FDDB43E7:2
AC133853C6F01A31333307579DBADCFE733:2
AC3016F984F178913BB2854D1D920A182B1:2
AC72310DC0C716BC75AD1807E6F741DED59:1
AD109B78DECFF68010045C21834310CFCE7:1
AD2B79DD8DD3D306313D32B984C4CDCB4FC:1
AE6AF9C925BB83CB04DE55EADF6FCD9A33E:31
AE9AECD55F69F89FECADFC105BB4CDA9FE0:2
AEB7DBBA0DA3D34000FBF0FAB91E8DCCE1E:8
AEBE8B582352C4881AAEBA6D550542173F4:3
AEDF4A5E79DF1DE8E5BD5B1BDF1B18703F2:1
AF9DEC06EDDDC432A37E4780C5FAB8185D0:1
B0FA6F16D17C97B26D3FB5792555785FEC8:1
B1DECFE49AB705ABDE935ACFADA2765A8A5:3
B260E3B24F573C853FB8D988E3980EC749D:1
B27D6476B71BC8A0BFE83385FE9D8D82BC0:1
B28A3B53EF019FDC70941F7789C19052F3A:23
B3603AD11F5CBC0A622B2CA35B48B22C9C5:3
B469C98B1C085889C1F9CC3E70BC2F7A6CB:3
B4A4C681F1EFFE28F0DAF2A1C1579E96276:1
B51B18845A5AC237DC076383B37192DBE4E:1
B69EE76373D2E6FDA7C3505858B61972B97:1
B873F7E049B88AE56CA83CB91858D69649F:3
B8964C934090E49976882BF702B47C61EE2:2
B898E993DBFD893E9145F14FAB116F48807:1
BA33A0FA3097BFB608DD3BEE7B19FEC82D9:1
BAB543FC043BDB95740E82E1474ACB7BE62:2
BACA911339125C782E68F9598EB25B72C5B:3
BB22ED9BD84BD2726940B5448E51A070D94:1
BB6B1904747F53DDF65CFF0DB4EE64CB6B1:1
BB77CC0810F5FEFB811B62730BCFAC84942:1
BC01E50B290F5D7797EAB71BD3650429365:10
BC7A84B7F496E9CB5F1F40AAD70362D3EA4:1
BCDF17119A56E3D884E0688AC0932808C6B:1
BCF15349D116F7926E2334CEC4858BA52AF:3
BD31A349261B5BB49D9070D6AF21E550992:3
BDE07BDAB2D6511E35A4A265255A8A0B3A5:5
BDE9AD15DF1B8A3238316F53EBEFE169E66:3
BE0A9709CFD21696C0D77CE5725EC9DC781:12
BE6A96E475FD616D0B04FCC47435397D908:1
BEC728D89449DC03707BF513AE8891B47A3:3
BF0FCE8AA251F92CC31252347DF58992454:2
BF10EA552C07B6E7E15504FE49824161FEA:6
BF1AE4A867B0D1873E87C1AD7280A9C5928:4
BF98CFE3B7BED0DDAFA4F14B30F2C1F551F:74
C0EE81E536392F61C8EEEA88390679CBC26:2
C1DDB7BC7DDBD2C93C23D5A4E8235994A96:2
C230D0E5AB95944937D2AA11988714769B1:1
C2A41335E4EC481F8B2C173335604377831:2
C2E0DB0A3A5FC4E56CE4FDBF7A3968DF12F:9
C36293A50792738A7C48F1AB393AF391161:1
C382E6F10DE6BA864CBE4AE26EDD87F639F:2
C388173DFEC67256D5301233BCDABE6F32D:1
C3B6A477B73857F73DD6914CF1C2A62985F:2
C40C432A8DDDE6AC9831D0E34890E959AB7:1
C5B8D169C4E421FD5E75A6CF80B4EDFFDE7:5
C5D9E03FBB9BD5970FF6781F814A0F8445B:4
C7137A27280F68AEDF3BA8BB50735C83BAC:1
C755BA731558E42CAFDD4872C8E3BD19499:1
C9018C7257B0CD94B94608E47B0F30E85D3:1
C965C1F3491E730C2D4262B86F829B5900E:1
C9688B12B84B2832F6DD7319981139DD0B1:3
CC5085DE72E7FBCB73A72CAEAD88407EA24:3
CD0DCC26E55370A4BD3AD54B62D8F02BE6C:5
CD17B46DE83E63281E75AD7A0552F5FE06C:12
CD6572F052731F0AA018526C3D26B9F42C3:12
CDF6136A2AFBF88E72222287B20A1FA0836:1
CE8785EC6A65EBAFD4C641767D1BFC13C7E:1
CEDBDC32002FBE5D4E0E17F5A8DD47D7469:2
CF197C324EEA0896E85C0DC86B76E3428B8:1
CF4E67DC5849DB71E3C67585CCB08F5EBC5:7
CF73DAB231A2C3EF82828CA48186855055B:29
CF92BE261C1CD0F4AE874395C52891090E3:1
D11CCC48ADBF0B6F5F10DD42332550C1746:3
D18917013CF184B896A6E4BEB8925845D3E:1
D1FABA743716F8AADA3DE5B4CDC479C205C:1
D2592E99B98E1926F2784B611783DD0240D:8
D2679346ABB2F2E47014723A8C66A23D908:11
D28D917E052B5020949C45A3B7D9444D931:2
D29802DC1B64A92F1749983B6CC8943E9F5:3
D3B817C33A36AB00A476EEFBB4550B17405:6
D4ABF91E71872760D7EDBBDE31B2959CB0E:3
D5570563DD65C5B11578F5F004B94370733:1
D6377B08D496CD740D97E16181321F42B59:2
D67173A58BBB9EC635D4E26E5E7B5812994:1
D68BCDA21711F7030C07355F8157B8863D4:2
D6E61667F2638FDB0F75D790CD9B1075043:3
D7FF623718D503D7A52E79EF0DAEA185DE5:9
D824B426B8E8883CF4B26526ED114E48D60:2
D8381908B1D87BC07C7235F74D2521FBD18:4
D83B58E993FD4025FD0D5789DB804ACFD75:9
D892849D433E930C16DCD5A2082786F488D:3
D8BB4C977D9137D98E68066860300552783:3
D971544040B3E85FC34A6168D13F2824DAA:4
D98C2C98C08D40A6973D13F1BE596AA3A51:3
D9929A29A7BFE61003E37BE696BD4459A86:4
D9AC4597CDC5BBA41CB866DF75B343D53D4:1
DA82D5582B775F74828F554B1AE30AE880E:2
DCB5A681DFBDD6C37FD9612F4EE1C9A1868:1
DCC6BB66A030CCA11E66786D414CFEBC236:1
DE6357BBC19C65EE545F7C609B0402F25FE:1
DE7DE15816FF2429238443C96B3AED4B081:3
DF634B23A75D5D81F2D882D83FA897CA8BE:2
DFA94B51900DECB0C6780663C9241CFEA89:3
DFCE5FC53F384C7712C8D97B58CDAD7DCB4:2
E0561111D850C15DE440922B49834E4DA53:7
E0785714AE6B1E36B332B4D90AB2A7DE3D6:1
E09D02B499E700728695FA169126D6A673C:3
E0A67D4F05269C3497F685C95763339B69E:1
E134326F3D57F4B325352E217F89CBB6115:45
E16179CB4BF3C92EE98B17D1E52572D0358:5
E167EBAB5384F244E90C8495343A6489AE1:5
E256571D542A0C4F826BF4011B95CF214E4:4
E2B2D9759F8E86188EBF1D1490059AE3FF6:5
E354AA8A72247CF9593AD4C0BEB4BDA5D79:3
E3D522454026CB9E217FC2E6523450B342B:2
E4A2D46DB45135BAFE153D2FE4D50B0ADCC:2
E56E38331246AD76B54A7E18A47A26AC06B:3
E576602C7F62517D450EA17A3C53F75C4B2:3
E66EF05635D1F4EE23BA52386A72A6B8A20:2
E6D63461C6AD8C15D5763CDD9796632698D:2
E72D87EB9343C30BA4EDC5DA1F5D213E678:10
E83D2D8265F821CCE93290F20916C27C3D6:3
E89D1D0B6C0E281EECCA689D97E7E974143:1
E9F227799D1580959325BA95229A0F4DA88:2
E9FC7214420171F713C602807CA1766CD49:1
EC431AAA152922E994CDA8A7E1F4A108863:4
EC5D8A80139C5B8B3A7A2075A3F19A59951:4
ED9A61DCFFC0B840BC9B9BE17475F1F9E59:1
EEE5A5E29372D1B6A37996512C8F1719B86:2
EF1D05AF75700FBD6EB696EC3F0AE443047:4
EFB8A202BFAF9E6F78294C17007CBBAC4C2:1
EFCAA26C9DBFCB66759CEC81783EEB111E3:1
F008FCCDAC9F8B268DC009F58E3835EA14D:1
F07AF1E3A72C8D78AD4ABAB9E3CC66AC7AE:3
F18E6E0F8251B5A94A36DA14052E9BDC0CF:4
F1BE996025130C85323C9BA62659198B3F6:1
F1CE5F65264C5A007619CC77A59DDA798DB:2
F282694E4C5AEAC700CD5583E6C6CE4DEA1:1
F32620EF33A5111824499FC4FF0C1E35E4A:1
F3506580DD3FB7456A681692EB22E66138F:3
F35DE8C1E56FC8FADE276C13E3B4F3D5C17:5
F440E27A89E306C78D054BFC714850DB922:1
F48CB72EEFDDEE72B37876B118B29835C04:2
F4E72DFAD790846A1BE21B459706CDD5012:3
F688EEFF1D9F01659B2E96005223F72ED5F:1
F7F50174A6BAD28F2E3E5930CF35A416D05:1
F8187A33EB097B5D2DF023C3130BF1738E2:1
F87F81F0168B05923D047E391885A1B4EE5:6
F8AEE4D123A5115F329DF079C462A208C1E:1
F94868F9E1B978A34A6FD98DA8189BFB843:1
F949DC856F1717D85833F0EEF948916AD00:2
FA097FA100F14E4EBA7DB0A33504E1CC97D:4
FA4D0DFE93A1BA64F90E582A76013AC5E4B:1
FA7E3D570F5535B1DCA21BAADAA495C9967:1
FAD5A517EA0C92B9AD623C7070975DCCE37:1
FB488D0ECC5FCEC64AC19FA79B62D77B9BF:3
FBD80C38E2FE82382CAE75134F8C703DEA2:15
FD061325556A1361D79F6E13734EC78BFF6:1
FDD4C17F0908A062DBAA17EBBF91C75464A:12
FDDA1EE1678C987585CA7B86EB83CB3DC89:4
FE43AD9135E48020F29453DBE61440A90C2:4
FE558193A1217FB641B414D01E2AAB003A8:2
FE5B41A097382E9DE645D9CD45FF6212FD5:5
FE8F2B125096E8B75E708AD319EFC31B74A:2
FEA0BBC23CE7BDCCC9AF30AE7FE73F06185:1
FEA693C458AE64933E40D8C36ABB4BF783D:10
FF46FA66D21FA8595D83908EBC7CAD4BC7E:2
FF975794BFCADAB79BC8F8DDE37F26D5342:3